<?xml version="1.0" encoding="UTF-8"?><collection xmlns="http://www.loc.gov/MARC21/slim"><record><leader>00438nam--2200181-u-4500</leader><controlfield tag="001">000052748</controlfield><controlfield tag="002">20161230</controlfield><controlfield tag="005">20161230201050</controlfield><controlfield tag="008">101012s1000------------r-----000-0-rus-d</controlfield><datafield ind1=" " ind2=" " tag="040"><subfield code="a">IFIN-HH</subfield></datafield><datafield ind1=" " ind2=" " tag="041"><subfield code="a">rus</subfield></datafield><datafield ind1=" " ind2=" " tag="080"><subfield code="a">534.26</subfield></datafield><datafield ind1="1" ind2=" " tag="100"><subfield code="a">Veksler, N.D</subfield></datafield><datafield ind1="1" ind2="0" tag="245"><subfield code="a">Rezonansnoe rasseianie v gidroakustike</subfield><subfield code="c">N.D. Veskler</subfield></datafield><datafield ind1=" " ind2=" " tag="260"><subfield code="a">Tallin</subfield><subfield code="b">Valgus</subfield><subfield code="c">1984</subfield></datafield><datafield ind1=" " ind2=" " tag="300"><subfield code="a">136 p</subfield></datafield><datafield ind1=" " ind2=" " tag="852"><subfield code="a">72772</subfield><subfield code="c">534</subfield></datafield><datafield ind1=" " ind2=" " tag="CAT"><subfield code="a">Sys</subfield><subfield code="c">20101012</subfield><subfield code="h">143333</subfield></datafield></record></collection>